@Book{AlMalah2016,
  author    = {Al-Malah, Kamal I. M.},
  publisher = {Wiley \& Sons, Incorporated, John},
  title     = {Aspen Plus Chemical Engineering Applications},
  year      = {2016},
  isbn      = {9781119293620},
  pages     = {656},
  subtitle  = {Chemical Engineering Applications},
}

@Book{Fogler1974,
  author    = {Fogler, H. Scott},
  publisher = {Prentice-Hall},
  title     = {The elements of chemical kinetics and reactor calculations (a self-paced approach)},
  year      = {1974},
  isbn      = {0132634422},
  pages     = {497},
}

@Book{SegoviaHernandez2020,
  author    = {Segovia-Hernández, Juan Gabriel and Gómez-Castro, Fernando Israel},
  publisher = {CRC Press},
  title     = {Stochastic Process Optimization using Aspen Plus®},
  year      = {2020},
  isbn      = {9780367573096},
  pages     = {242},
}

@Comment{jabref-meta: databaseType:bibtex;}
